@article{vaswani2017attention,
  title={Attention is all you need},
  author={Vaswani, Ashish and Shazeer, Noam and Parmar, Niki and Uszkoreit, Jakob and Jones, Llion and Gomez, Aidan N and Kaiser, {\L}ukasz and Polosukhin, Illia},
  booktitle={Advances in neural information processing systems},
  pages={5998--6008},
  year={2017}
}
@misc{relatedwork,
author = {Mojtaba Taherisadr, Mohsen Joneidi, and Nazanin Rahnavard},
title = {{EEG SIGNAL DIMENSIONALITY REDUCTION AND CLASSIFICATION USING TENSOR
DECOMPOSITION AND DEEP CONVOLUTIONAL NEURAL NETWORKS}},
url = {https://arxiv.org/pdf/1908.10432v1.pdf},
urldate = {2021-09-1}
}
@misc{seizure,
title = {{Seizure}},
url = {https://en.wikipedia.org/wiki/Seizure},
urldate = {2021-08-20}
}
@misc{Neuron,
title = {{Neuron}},
url = {https://en.wikipedia.org/wiki/Neuron},
urldate = {2021-08-20}
}
@misc{Projectionfiber,
title = {{Projection fiber}},
url = {https://en.wikipedia.org/wiki/Projection_fiber},
urldate = {2021-08-20}
}
@misc{Interneuron,
title = {{Interneuron}},
url = {https://en.wikipedia.org/wiki/Interneuron},
urldate = {2021-08-20}
}
@misc{Motorneuron,
title = {{Motor neuron}},
url = {https://en.wikipedia.org/wiki/Motor_neuron},
urldate = {2021-08-20}
}
@misc{Sensoryneuron,
title = {{Sensory neuron}},
url = {https://en.wikipedia.org/wiki/Sensory_neuron},
urldate = {2021-08-20}
}
@misc{Synapse,
title = {{Synapse}},
url = {https://en.wikipedia.org/wiki/Synapse},
urldate = {2021-08-20}
}
@misc{Cerebrum,
title = {{Cerebrum}},
url = {https://en.wikipedia.org/wiki/Cerebrum#Functions},
urldate = {2021-08-20}
}
@misc{Lateralizationofbrainfunction,
title = {{Lateralization of brain function}},
url = {https://en.wikipedia.org/wiki/Lateralization_of_brain_function},
urldate = {2021-08-20}
}
@misc{Corpuscallosum,
title = {{Corpus callosum}},
url = {https://en.wikipedia.org/wiki/Corpus_callosum},
urldate = {2021-08-20}
}
@misc{Cytoarchitecture,
title = {{Cytoarchitecture}},
url = {https://en.wikipedia.org/wiki/Cytoarchitecture},
urldate = {2021-08-20}
}
